@online{webLink,
  author = {Pinterest},
  title = {Estrutura de Trabalhos Acadêmicos},
  year = 2014,
  url = {"https://br.pinterest.com/pin/783767141372113028/"},
  urldate = {2018-08-01}
}
@article{Ventura2018,
  title={Desenvolvimento de um assistente virtual h{\'\i}brido com propriedades de chatbot e de automa{\c{c}}{\~a}o de processos de neg{\'o}cios},
  author={Ventura, Ricardo and others},
  year={2018},
  publisher={Florian{\'o}polis, SC.}
}
@online {Nbr2012,
  author = {ABNT},
  title = {NBR 6023: informação e documentação: referências: elaboração},
  %publisher={Associação Brasileira de Normas Técnicas}
  url = {"http://www.abnt.org.br/normalizacao/lista-de-publicacoes/abnt"},
  urldate = {2018-08-01},
  address = {Rio de Janeiro},
  year = {Rio de Janeiro, 2002}
}
@misc {Capes2018,
  author = {CAPES},
  title = {Tabela de Áreas de Conhecimento/Avaliação},
  journal = {The Journal of Bone \& Joint Surgery},
  url = {http://www.capes.gov.br/avaliacao/instrumentos-de-apoio/tabela-de-areas-do-conhecimento-avaliacao},
  urldate = {2018-08-01},
  year = {2018}
}
@book{Pressman2011,
 author = {Pressman, Roger},
 title = {Software Engineering: A Practitioner's Approach},
 year = {2011},
 isbn = {0073375977},
 edition = {7},
 publisher = {McGraw-Hill, Inc.},
 address = {New York, NY, USA}
} 
@book{Sommerville2011,
  title={Engenharia de Software},
  author={Sommerville, I.},
  isbn={9788579361081},
  url={https://books.google.com.br/books?id=H4u5ygAACAAJ},
  year={2011},
  publisher={PEARSON BRASIL}
}
@article {Boccato2006,
  author = {Boccato, Vera R. C.},
  title = {Metodologia Da Pesquisa Bibliográfica Na Área Odontológica E O Artigo Científico Como Forma De Comunicação},
  journal = {Rev. Odontol. Univ. Cidade São Paulo},
  volume = {18},
  number = {3},
  pages = {265-274},
  year = {2006}
}
